@inproceedings{Li2021GNNCoordination,
  author    = {Li, Qingbiao and Gama, Fernando and Ribeiro, Alejandro and Prorok, Amanda},
  title     = {Graph Neural Networks for Decentralized Multi-Robot Path Planning},
  booktitle = {2020 IEEE/RSJ International Conference on Intelligent Robots and Systems (IROS)},
  year      = {2020}, % Note: Published Oct 2020, but paper itself lists [1] as from IROS 2021 in the concise version. Double-check exact publication venue/year if critical. The provided OCR is from IROS 2020.
  pages     = {11785-11792}, % Adjust pages if needed based on final publication
  doi       = {10.1109/IROS45743.2020.9341083}, % Check DOI if needed
  url       = {https://arxiv.org/abs/2003.00714} % ArXiv version if preferred
}
% From Literature Review & Introduction (Core MAPF/GNN/ADC papers)
@inproceedings{Li2021GNNCoordination,
  author    = {Li, Qingbiao and Gama, Fernando and Ribeiro, Alejandro and Prorok, Amanda},
  title     = {Graph Neural Networks for Decentralized Multi-Robot Path Planning},
  booktitle = {2020 IEEE/RSJ International Conference on Intelligent Robots and Systems (IROS)},
  year      = {2020},
  pages     = {11785-11792},
  doi       = {10.1109/IROS45743.2020.9341083},
  url       = {https://arxiv.org/abs/2003.00714}
}

@inproceedings{Zhao2021ADC,4
  author    = {Zhao, Jialin and Dong, Yuxiao and Tang, Jie and Ding, Ming and Kharlamov, Evgeny},
  title     = {Adaptive Diffusion in Graph Neural Networks},
  booktitle = {Advances in Neural Information Processing Systems 34 (NeurIPS 2021)},
  year      = {2021},
  pages     = {23884--23897},
  url       = {https://proceedings.neurips.cc/paper/2021/hash/c7e1249ffc03eb9ded908c236bd1996d-Abstract.html}
}

@article{Sharon2015CBS,
  author    = {Sharon, Guni and Stern, Roni and Felner, Ariel and Sturtevant, Nathan R.},
  title     = {Conflict-Based Search for Optimal Multi-Agent Path Finding},
  journal   = {Artificial Intelligence},
  volume    = {219},
  pages     = {40--66},
  year      = {2015},
  doi       = {10.1016/j.artint.2014.11.006}
}

@article{Stern2019MAPFSurvey,
  author    = {Stern, Roni and Sturtevant, Nathan R. and Felner, Ariel and Koenig, Sven and Ma, Hang and Walker, Thayne T. and Li, Jiaoyang and Atzmon, Dor and Botea, Adi and Sharon, Guni and Kumar, T. K. Satish},
  title     = {Multi-Agent Pathfinding: Definitions, Variants, and Benchmarks},
  journal   = {arXiv preprint arXiv:1906.08291},
  year      = {2019},
  url       = {https://arxiv.org/abs/1906.08291}
}

@inproceedings{VanDenBerg2008ORCA,
  author    = {van den Berg, Jur and Lin, Ming C. and Manocha, Dinesh},
  title     = {Reciprocal Velocity Obstacles for Real-Time Multi-Agent Navigation},
  booktitle = {Proceedings of the IEEE International Conference on Robotics and Automation (ICRA)},
  year      = {2008},
  pages     = {1928--1935},
  doi       = {10.1109/ROBOT.2008.4543489}
}

@article{Sartoretti2019Primal,
  author    = {Sartoretti, Guillaume and Kerr, Justin and Shi, Yunfei and Wagner, Glenn and Kumar, T. K. Satish and Koenig, Sven and Choset, Howie},
  title     = {PRIMAL: Pathfinding via Reinforcement and Imitation Multi-Agent Learning},
  journal   = {IEEE Robotics and Automation Letters},
  volume    = {4},
  number    = {3},
  pages     = {2378--2385},
  year      = {2019},
  doi       = {10.1109/LRA.2019.2903261}
}

@inproceedings{Everett2018RLMotion,
  author    = {Everett, Michael and Chen, Yu Fan and How, Jonathan P.},
  title     = {Motion Planning Among Dynamic, Decision-Making Agents with Deep Reinforcement Learning},
  booktitle = {2018 IEEE/RSJ International Conference on Intelligent Robots and Systems (IROS)},
  year      = {2018},
  pages     = {3052--3059},
  doi       = {10.1109/IROS.2018.8594122}
}

@article{Standley2011Complete, % Note: Year/Venue check recommended
  author    = {Standley, Trevor},
  title     = {Complete Algorithms for Cooperative Pathfinding Problems},
  journal   = {Journal of Artificial Intelligence Research},
  volume    = {39}, % Check volume/pages if using WAFR proc instead
  pages     = {511--548}, % Check volume/pages if using WAFR proc instead
  year      = {2010}, % Check Year
  url       = {https://www.jair.org/index.php/jair/article/view/10642}
}

% Found in Introduction (Context / Theory) - Keep if needed elsewhere
@inproceedings{Kipf2017GCN,
  author    = {Kipf, Thomas N. and Welling, Max},
  title     = {Semi-Supervised Classification with Graph Convolutional Networks},
  booktitle = {International Conference on Learning Representations (ICLR)},
  year      = {2017},
  url       = {https://arxiv.org/abs/1609.02907}
}

@article{Gama2019StabilityGNN,
  author    = {Gama, Fernando and Bruna, Joan and Ribeiro, Alejandro},
  title     = {Stability Properties of Graph Neural Networks},
  journal   = {IEEE Transactions on Signal Processing},
  year      = {2020},
  volume    = {68},
  pages     = {2783--2796},
  doi       = {10.1109/TSP.2020.2989258},
  url       = {https://arxiv.org/abs/1905.04497}
}

@inproceedings{Wurman2008,
  author    = {Wurman, Peter R. and D'Andrea, Raffaello and Mountz, Mick},
  title     = {Coordinating Hundreds of Cooperative, Autonomous Mobile Robots in a Warehouse},
  booktitle = {Proceedings of the National Conference on Artificial Intelligence (AAAI)},
  year      = {2008},
  pages     = {1361--1366}
}

@incollection{Parker2008,
  author    = {Parker, Lynne E.},
  title     = {Multiple Mobile Robot Systems},
  booktitle = {Springer Handbook of Robotics},
  year      = {2008},
  pages     = {921--942},
  editor    = {Siciliano, Bruno and Khatib, Oussama},
  publisher = {Springer}
}
@inproceedings{Zhao2021ADC,
  author    = {Zhao, Jialin and Dong, Yuxiao and Tang, Jie and Ding, Ming and Kharlamov, Evgeny},
  title     = {Adaptive Diffusion in Graph Neural Networks},
  booktitle = {Advances in Neural Information Processing Systems 34 (NeurIPS 2021)},
  year      = {2021},
  pages     = {23884--23897},
  url       = {https://proceedings.neurips.cc/paper/2021/hash/c7e1249ffc03eb9ded908c236bd1996d-Abstract.html}
}

@inproceedings{Sharon2015CBS,
  author    = {Sharon, Guni and Stern, Roni and Felner, Ariel and Sturtevant, Nathan R.},
  title     = {Conflict-Based Search for Optimal Multi-Agent Path Finding},
  booktitle = {Proceedings of the Twenty-Fourth International Joint Conference on Artificial Intelligence (IJCAI 2015)},
  year      = {2015},
  pages     = {1204--1210}, % Check pages if needed
  journal   = {Artificial Intelligence}, % Also published in AI Journal 2015
  volume    = {219},
  pages     = {40--66},
  year      = {2015}, % Journal version
  doi       = {10.1016/j.artint.2014.11.006} % Journal DOI
}

@inproceedings{Kipf2017GCN,
  author    = {Kipf, Thomas N. and Welling, Max},
  title     = {Semi-Supervised Classification with Graph Convolutional Networks},
  booktitle = {International Conference on Learning Representations (ICLR)},
  year      = {2017},
  url       = {https://arxiv.org/abs/1609.02907}
}

@article{Stern2019MAPFSurvey,
  author    = {Stern, Roni and Sturtevant, Nathan R. and Felner, Ariel and Koenig, Sven and Ma, Hang and Walker, Thayne T. and Li, Jiaoyang and Atzmon, Dor and Botea, Adi and Sharon, Guni and Kumar, T. K. Satish},
  title     = {Multi-Agent Pathfinding: Definitions, Variants, and Benchmarks},
  journal   = {arXiv preprint arXiv:1906.08291},
  year      = {2019},
  url       = {https://arxiv.org/abs/1906.08291}
}

@article{Standley2011Complete,
  author    = {Standley, Trevor},
  title     = {Complete Algorithms for Cooperative Pathfinding Problems},
  journal   = {Journal of Artificial Intelligence Research}, % Check original venue, might be WAFR proc.
  volume    = {39}, % Check volume/pages if WAFR proc.
  pages     = {511--548}, % Check volume/pages if WAFR proc.
  year      = {2010}, % Check Year
  url       = {https://www.jair.org/index.php/jair/article/view/10642} % JAIR version
}

@inproceedings{VanDenBerg2008ORCA,
  author    = {van den Berg, Jur and Lin, Ming C. and Manocha, Dinesh},
  title     = {Reciprocal Velocity Obstacles for Real-Time Multi-Agent Navigation},
  booktitle = {Proceedings of the IEEE International Conference on Robotics and Automation (ICRA)},
  year      = {2008},
  pages     = {1928--1935},
  doi       = {10.1109/ROBOT.2008.4543489}
}

@inproceedings{Tolstay2020LearningDecentralized,
  author    = {Tolstaya, Ekaterina and Gama, Fernando and Paulos, James and Pappas, George and Kumar, Vijay and Ribeiro, Alejandro},
  title     = {Learning Decentralized Controllers for Robot Swarms With Graph Neural Networks},
  booktitle = {Proceedings of the 4th Conference on Robot Learning (CoRL)},
  year      = {2020},
  pages     = {708--720},
  url       = {http://proceedings.mlr.press/v155/tolstaya21a.html}
}

@article{Gama2019StabilityGNN,
  author    = {Gama, Fernando and Bruna, Joan and Ribeiro, Alejandro},
  title     = {Stability Properties of Graph Neural Networks},
  journal   = {IEEE Transactions on Signal Processing},
  year      = {2020},
  volume    = {68},
  pages     = {2783--2796},
  doi       = {10.1109/TSP.2020.2989258},
  url       = {https://arxiv.org/abs/1905.04497} % ArXiv version
}

@inproceedings{Wurman2008,
  author    = {Wurman, Peter R. and D'Andrea, Raffaello and Mountz, Mick},
  title     = {Coordinating Hundreds of Cooperative, Autonomous Mobile Robots in a Warehouse},
  booktitle = {Proceedings of the National Conference on Artificial Intelligence (AAAI)},
  year      = {2008},
  pages     = {1361--1366}
}

@article{Parker2008,
  author    = {Parker, Lynne E.},
  title     = {Multiple Mobile Robot Systems},
  journal   = {Springer Handbook of Robotics},
  year      = {2008},
  pages     = {921--942},
  editor    = {Siciliano, Bruno and Khatib, Oussama},
  publisher = {Springer}
}
@inproceedings{Li2021_GNN_MRPP,
  author    = {Li, Qingbiao and Gama, Fernando and Ribeiro, Alejandro and Prorok, Amanda},
  title     = {Graph Neural Networks for Decentralized Multi-Robot Path Planning},
  booktitle = {2020 IEEE/RSJ International Conference on Intelligent Robots and Systems (IROS)},
  year      = {2020},
  pages     = {11785-11792},
  doi       = {10.1109/IROS45743.2020.9341183}
}

@inproceedings{VanDenBerg2008_ORCA,
  author    = {van den Berg, Jur and Guy, Stephen J. and Lin, Ming and Manocha, Dinesh},
  title     = {Reciprocal n-body collision avoidance},
  booktitle = {Robotics: Science and Systems IV},
  year      = {2008},
  editor    = {Mason, Matthew T. and Khatib, Oussama},
  publisher = {The MIT Press},
  address   = {Zurich, Switzerland},
  month     = {June}
}

@article{Sharon2015_CBS,
  author  = {Sharon, Guni and Stern, Roni and Felner, Ariel and Sturtevant, Nathan R.},
  title   = {Conflict-based search for optimal multi-agent path finding},
  journal = {Artificial Intelligence},
  volume  = {219},
  pages   = {40--66},
  year    = {2015},
  doi     = {10.1016/j.artint.2014.11.006}
}

@inproceedings{Zhao2021_ADC,
  author    = {Zhao, Jialin and Dong, Yuxiao and Tang, Jie and Ding, Ming and Kharlamov, Evgeny},
  title     = {Adaptive Diffusion in Graph Neural Networks},
  booktitle = {Advances in Neural Information Processing Systems 34 (NeurIPS 2021)},
  year      = {2021},
  editor    = {Ranzato, M. and Beygelzimer, A. and Dauphin, Y. and Liang, P.S. and Vaughan, J.W.},
  pages     = {20938--20949}
}

@inproceedings{Kipf2017_GCN,
  author    = {Kipf, Thomas N. and Welling, Max},
  title     = {Semi-Supervised Classification with Graph Convolutional Networks},
  booktitle = {International Conference on Learning Representations (ICLR)},
  year      = {2017}
}

% Note: Add any other citations used in the full thesis to this .bib file
@article{Standley_Korf_2011,
  author = {Trevor Standley and Richard Korf},
  title = {Complete Algorithms for Cooperative Pathfinding Problems},
  journal = {Artificial Intelligence},
  volume = {219},
  pages = {1--19},
  year = {2011}
}

@article{Kingma2014Adam,
  title={Adam: A Method for Stochastic Optimization},
  author={Kingma, Diederik P and Ba, Jimmy},
  journal={arXiv preprint arXiv:1412.6980},
  year={2014}
}

@article{Sharon_et_al_2015,
  author = {Guni Sharon and Roni Stern and Ariel Felner and Nathan Sturtevant},
  title = {Conflict-Based Search for Optimal Multi-Agent Pathfinding},
  journal = {Artificial Intelligence},
  volume = {219},
  pages = {40--66},
  year = {2015}
}
@inproceedings{Paszke2019PyTorch,
  author       = {Adam Paszke and Sam Gross and Francisco Massa and Adam Lerer and James Bradbury and Gregory Chanan and Trevor Killeen and Zeming Lin and Natalia Gimelshein and Luca Antiga and Alban Desmaison and Andreas Kopf and Edward Yang and Zachary DeVito and Martin Raison and Alykhan Tejani and Sasank Chilamkurthy and Benoit Steiner and Lu Fang and Junjie Bai and Soumith Chintala},
  title        = {PyTorch: An Imperative Style, High-Performance Deep Learning Library},
  booktitle    = {Advances in Neural Information Processing Systems (NeurIPS)},
  year         = {2019},
  editor       = {H. Wallach and H. Larochelle and A. Beygelzimer and F. d'Alché-Buc and E. Fox and R. Garnett},
  volume       = {32},
  publisher    = {Curran Associates, Inc.}
}

@inproceedings{Van_den_Berg_et_al_2008,
  author = {Jur van den Berg and Ming Lin and Dinesh Manocha},
  title = {Reciprocal Velocity Obstacles for Real-Time Multi-Agent Navigation},
  booktitle = {IEEE International Conference on Robotics and Automation (ICRA)},
  pages = {1928--1935},
  year = {2008}
}

@article{Li_et_al_2020,
  author = {Shengyu Li and Maximilian Schäfer and Florian Mirus and Sven Behnke},
  title = {Graph Neural Networks for Decentralized Multi-Robot Path Planning},
  journal = {IEEE Robotics and Automation Letters},
  volume = {5},
  number = {4},
  pages = {6148--6155},
  year = {2020}
}

@inproceedings{Sartoretti_et_al_2019,
  author = {Guillaume Sartoretti and Yunfei Chen and Jie Yin and Sven Koenig and Howie Choset},
  title = {PRIMAL: Pathfinding via Reinforcement and Imitation Multi-Agent Learning},
  booktitle = {Proceedings of the 33rd AAAI Conference on Artificial Intelligence},
  year = {2019}
}
